@book{adams2013calculus,
  title={Calculus: A Complete Course},
  author={Adams, Robert A. and Essex, Christopher},
  year={2013},
  edition={Eighth},
  publisher={Pearson}
}
